@Manual{R,
  title = {R: A Language and Environment for Statistical Computing},
  author = {{R Core Team}},
  organization = {R Foundation for Statistical Computing},
  address = {Vienna, Austria},
  year = {2012},
  note = {{ISBN} 3-900051-07-0},
  url = {http://www.R-project.org/},
}

@article{Caspers:2013,
  Author = {Ihaka, Ross and Gentleman, Robert},
	Journal = {SSRN},
	Number = 3,
	Pages = {299--314},
	Title = {R: A Language for Data Analysis and Graphics},
	Volume = 5,
	Year = 2013}


@unpublished{caspers,
author = {Peter Caspers},
title = {Markov Functional One Factor Interest Rate Model Implementation in QuantLib},
note={Mimeo, Available at SSRN: http://ssrn.com/abstract=2183721},
year={2013}
}

